@book{folland,
	title={Real Analysis: Modern Techniques and Their Applications},
	author={Folland, G.B.},
	isbn={9781118626399},
	series={Pure and Applied Mathematics: A Wiley Series of Texts, Monographs and Tracts},
	year={2013},
	publisher={Wiley}
}

@book{narici,
	title={Functional Analysis},
	author={Bachman, G. and Narici, L.},
	isbn={9780486402512},
	lccn={00060367},
	series={Academic Press textbooks in mathematics},
	url={https://books.google.com.mx/books?id=wCHtLumoGY4C},
	year={2000},
	publisher={Dover Publications}
}


@book{brezis,
	title={Functional Analysis, Sobolev Spaces and Partial Differential Equations},
	author={Brezis, H.},
	isbn={9780387709130},
	lccn={2010938382},
	series={Universitext},
	year={2010},
	publisher={Springer New York}
}

@book{riesz,
	title={Functional Analysis},
	author={Riesz, F. and -Nagy, B.S.},
	isbn={9780486162140},
	series={Dover Books on Mathematics},
	url={https://books.google.com.mx/books?id=JCfEAgAAQBAJ},
	year={2012},
	publisher={Dover Publications}
}


@book{Lee,
	author = {Lee, John M.},
	title = {Introduction to Smooth Manifolds},
	year = 2013,
	edition = "Second Edition"
}

@book{Lee-riem,
	title={Introduction to Riemannian Manifolds},
	author={Lee, J.M.},
	isbn={9783319917542},
	series={Graduate Texts in Mathematics},
	year={2019},
	publisher={Springer International Publishing}
}


@book{Loring,
	title={An Introduction to Manifolds},
	author={Tu, L.W.},
	isbn={9781441973993},
	lccn={2010936466},
	series={Universitext},
	year={2010},
	publisher={Springer New York}
}

@book{Loring-dif,
	title={Differential Geometry: Connections, Curvature, and Characteristic Classes},
	author={Tu, L.W.},
	series={Graduate Texts in Mathematics},
	year={2017},
	publisher={Springer International Publishing}
}


@book{Hatcher,
	author        = "Hatcher, Allen",
	title         = "{Algebraic topology}",
	publisher     = "Cambridge Univ. Press",
	address       = "Cambridge",
	year          = "2000",
}

@book{Spivak,
	title={Calculus On Manifolds: A Modern Approach To Classical Theorems Of Advanced Calculus},
	author={Spivak, M.},
	isbn={9780805390216},
	lccn={lc66010910},
	year={1965},
	publisher={Avalon Publishing}
}


@book{Bott,
	author={Bott, Raoul
	and Tu, Loring W.},
	title={Differential Forms in Algebraic Topology},
	year={1982},
	publisher={Springer New York},
	isbn={978-1-4757-3951-0},
	doi={10.1007/978-1-4757-3951-0_2},
	url={https://doi.org/10.1007/978-1-4757-3951-0_2}
}

